@article{gao2015high,
  title={High-throughput screening using patient-derived tumor xenografts to predict clinical trial drug response},
  author={Gao, Hui and Korn, Joshua M and Ferretti, St{\'e}phane and Monahan, John E and Wang, Youzhen and Singh, Mallika and Zhang, Chao and Schnell, Christian and Yang, Guizhi and Zhang, Yun and others},
  journal={Nature medicine},
  volume={21},
  number={11},
  pages={1318},
  year={2015},
  publisher={Nature Publishing Group}
}

